@article{garcia2015evospace,
  title={The EvoSpace model for pool-based evolutionary algorithms},
  author={Garc{\'\i}a-Valdez, Mario and Trujillo, Leonardo and Merelo, Juan-J and de Vega, Francisco Fern{\'a}ndez and Olague, Gustavo},
  journal={Journal of Grid Computing},
  volume={13},
  number={3},
  pages={329--349},
  year={2015},
  publisher={Springer}
}

@incollection{garcia2014randomized,
  title={Randomized parameter settings for heterogeneous workers in a pool-based evolutionary algorithm},
  author={Garc{\'\i}a-Valdez, Mario and Trujillo, Leonardo and Merelo-Gu{\'e}rvos, Juan Juli{\'a}n and Fern{\'a}ndez-de-Vega, Francisco},
  booktitle={Parallel Problem Solving from Nature--PPSN XIII},
  pages={702--710},
  year={2014},
  publisher={Springer}
}

@inproceedings{merelo2012pool,
  title={Pool vs. island based evolutionary algorithms: an initial exploration},
  author={Merelo, Juan Julian and Mora, Antonio Miguel and Fernandes, Carlos M and Esparcia-Alcazar, Anna I and Laredo, Juan LJ},
  booktitle={P2P, Parallel, Grid, Cloud and Internet Computing (3PGCIC), 2012 Seventh International Conference on},
  pages={19--24},
  year={2012},
  organization={IEEE}
}

@article{merelo2013designing,
  title={Designing and testing a pool-based evolutionary algorithm},
  author={Merelo, Juan Juli{\'a} and Mora, Antonio Miguel and Fernandes, Carlos M and Esparcia-Alc{\'a}zar, Anna I},
  journal={Natural Computing},
  volume={12},
  number={2},
  pages={149--162},
  year={2013},
  publisher={Springer}
}

@inproceedings{merelo2008asynchronous,
  title={Asynchronous distributed genetic algorithms with Javascript and JSON},
  author={Merelo-Guerv{\'o}s, Juan Juli{\'a}n and Castillo, Pedro A and Laredo, Juan Lu{\'\i}s Jim{\'e}nez and Garcia, A Mora and Prieto, Alberto},
  booktitle={Evolutionary Computation, 2008. CEC 2008.(IEEE World Congress on Computational Intelligence). IEEE Congress on},
  pages={1372--1379},
  year={2008},
  organization={IEEE}
}

@inproceedings{morrison2001measurement,
  title={Measurement of population diversity},
  author={Morrison, Ronald W and De Jong, Kenneth A},
  booktitle={Artificial Evolution},
  pages={31--41},
  year={2001},
  organization={Springer}
}

@inproceedings{roy2009distributed,
  title={A distributed pool architecture for genetic algorithms},
  author={Roy, Gautam and Lee, Hyunyoung and Welch, Jennifer L and Zhao, Yuan and Pandey, Vijitashwa and Thurston, Deborah},
  booktitle={Evolutionary Computation, 2009. CEC'09. IEEE Congress on},
  pages={1177--1184},
  year={2009},
  organization={IEEE}
}

@incollection{sherry2012flex,
  title={Flex-GP: genetic programming on the cloud},
  author={Sherry, Dylan and Veeramachaneni, Kalyan and McDermott, James and Oâ€™Reilly, Una-May},
  booktitle={Applications of Evolutionary Computation},
  pages={477--486},
  year={2012},
  publisher={Springer}
}

@inproceedings{tanabe2013evaluation,
  title={Evaluation of a randomized parameter setting strategy for island-model evolutionary algorithms},
  author={Tanabe, Ryo and Fukunaga, Akira},
  booktitle={Evolutionary Computation (CEC), 2013 IEEE Congress on},
  pages={1263--1270},
  year={2013},
  organization={IEEE}
}

@incollection{de1990analysis,
  title={An analysis of the interacting roles of population size and crossover in genetic algorithms},
  author={De Jong, Kenneth A and Spears, William M},
  booktitle={Parallel problem solving from nature},
  pages={38--47},
  year={1990},
  publisher={Springer}
}

@article{melin2013optimal,
  title={Optimal design of fuzzy classification systems using PSO with dynamic parameter adaptation through fuzzy logic},
  author={Melin, Patricia and Olivas, Frumen and Castillo, Oscar and Valdez, Fevrier and Soria, Jose and Valdez, Mario},
  journal={Expert Systems with Applications},
  volume={40},
  number={8},
  pages={3196--3206},
  year={2013},
  publisher={Elsevier}
}

@article{zadeh1988fuzzy,
  title={Fuzzy logic},
  author={Zadeh, Lofti A},
  journal={Computer},
  volume={21},
  number={4},
  pages={83--93},
  year={1988},
  publisher={IEEE}
}

@article{zadeh1965fuzzy,
  title={Fuzzy sets},
  author={Zadeh, Lotfi A},
  journal={Information and control},
  volume={8},
  number={3},
  pages={338--353},
  year={1965},
  publisher={Elsevier}
}

@inproceedings{abdelbar2005fuzzy,
  title={Fuzzy PSO: a generalization of particle swarm optimization},
  author={Abdelbar, Ashraf M and Abdelshahid, Suzan and Wunsch, Donald C and others},
  booktitle={Neural Networks, 2005. IJCNN'05. Proceedings. 2005 IEEE International Joint Conference on},
  volume={2},
  pages={1086--1091},
  year={2005},
  organization={IEEE}
}

@inproceedings{kenndy1995particle,
  title={Particle swarm optimization},
  author={Kenndy, James and Eberhart, RC},
  booktitle={Proceedings of IEEE International Conference on Neural Networks},
  volume={4},
  pages={1942--1948},
  year={1995}
}

@inproceedings{mcnabb2007parallel,
  title={Parallel PSO using mapreduce},
  author={McNabb, Andrew W and Monson, Christopher K and Seppi, Kevin D},
  booktitle={Evolutionary Computation, 2007. CEC 2007. IEEE Congress on},
  pages={7--14},
  year={2007},
  organization={IEEE}
}

@article{venter2006parallel,
  title={Parallel particle swarm optimization algorithm accelerated by asynchronous evaluations},
  author={Venter, Gerhard and Sobieszczanski-Sobieski, Jaroslaw},
  journal={Journal of Aerospace Computing, Information, and Communication},
  volume={3},
  number={3},
  pages={123--137},
  year={2006}
}

@article{koh2006parallel,
  title={Parallel asynchronous particle swarm optimization},
  author={Koh, Byung-Il and George, Alan D and Haftka, Raphael T and Fregly, Benjamin J},
  journal={International Journal for Numerical Methods in Engineering},
  volume={67},
  number={4},
  pages={578--595},
  year={2006},
  publisher={Wiley Online Library}
}

@inproceedings{mussi2011gpu,
  title={GPU-based asynchronous particle swarm optimization},
  author={Mussi, Luca and Nashed, Youssef SG and Cagnoni, Stefano},
  booktitle={Proceedings of the 13th annual conference on Genetic and evolutionary computation},
  pages={1555--1562},
  year={2011},
  organization={ACM}
}

@phdthesis{cheng2013population,
  title={Population diversity in particle swarm optimization: Definition, observation, control, and application},
  author={Cheng, Shi},
  year={2013},
  school={University of Liverpool}
}

@inproceedings{gong2011distributed,
  title={Distributed island-model genetic algorithms using heterogeneous parameter settings},
  author={Gong, Yiyuan and Fukunaga, Alex},
  booktitle={Evolutionary Computation (CEC), 2011 IEEE Congress on},
  pages={820--827},
  year={2011},
  organization={IEEE}
}
